@article{kiranyaz20191d,
    title = {{1D convolutional neural networks and applications: A survey}},
    year = {2019},
    journal = {arXiv preprint arXiv:1905.03554},
    author = {Kiranyaz, Serkan and Avci, Onur and Abdeljaber, Osama and Ince, Turker and Gabbouj, Moncef and Inman, Daniel J}
}

@techreport{Hinton,
    title = {{A Fast Learning Algorithm for Deep Belief Nets Yee-Whye Teh}},
    author = {Hinton, Geoffrey E and Osindero, Simon}
}

@article{eren2019generic,
    title = {{A generic intelligent bearing fault diagnosis system using compact adaptive 1D CNN classifier}},
    year = {2019},
    journal = {Journal of Signal Processing Systems},
    author = {Eren, Levent and Ince, Turker and Kiranyaz, Serkan},
    number = {2},
    pages = {179--189},
    volume = {91},
    publisher = {Springer}
}

@article{gairola2017neural,
    title = {{A neural clickbait detection engine}},
    year = {2017},
    journal = {arXiv preprint arXiv:1710.01507},
    author = {Gairola, Siddhartha and Lal, Yash Kumar and Kumar, Vaibhav and Khattar, Dhruv}
}

@techreport{Bengio2003,
    title = {{A Neural Probabilistic Language Model}},
    year = {2003},
    booktitle = {Journal of Machine Learning Research},
    author = {Bengio, Yoshua and Ducharme, RÃ©jean and Vincent, Pascal and Jauvin, Christian and Ca, Jauvinc@iro Umontreal and Kandola, Jaz and Hofmann, Thomas and Poggio, Tomaso and Shawe-Taylor, John},
    pages = {1137--1155},
    volume = {3},
    keywords = {Statistical language modeling, artificial neural networks, curse of dimensionality, distributed representation}
}

@inproceedings{chawda2019novel,
    title = {{A Novel Approach for Clickbait Detection}},
    year = {2019},
    booktitle = {2019 3rd International Conference on Trends in Electronics and Informatics (ICOEI)},
    author = {Chawda, Sarjak and Patil, Aditi and Singh, Abhishek and Save, Ashwini},
    pages = {1318--1321},
    organization = {IEEE}
}

@techreport{Zhang,
    title = {{A Sensitivity Analysis of (and Practitioners' Guide to) Convolutional Neural Networks for Sentence Classification}},
    author = {Zhang, Ye and Wallace, Byron C},
    url = {http://nlp.stanford.edu/projects/},
    arxivId = {1510.03820v4}
}

@inproceedings{cho2019shop,
    title = {{A shop recommendation learning with Tensorflow. js}},
    year = {2019},
    booktitle = {Proceedings of the Korean Society of Computer Information Conference},
    author = {Cho, Jaeyoung and Lee, Sangwon and Chung, Tai Myoung},
    pages = {267--270},
    organization = {Korean Society of Computer Information}
}

@incollection{aggarwal2012survey,
    title = {{A survey of text classification algorithms}},
    year = {2012},
    booktitle = {Mining text data},
    author = {Aggarwal, Charu C and Zhai, ChengXiang},
    pages = {163--222},
    publisher = {Springer}
}

@techreport{Otter2019,
    title = {{A Survey of the Usages of Deep Learning for Natural Language Processing}},
    year = {2019},
    booktitle = {IEEE TRANSACTIONS ON NEURAL NETWORKS AND LEARNING SYSTEMS},
    author = {Otter, Daniel W and Medina, Julian R and Kalita, Jugal K},
    volume = {XX},
    arxivId = {1807.10854v3}
}

@techreport{EnyinnaNwankpa,
    title = {{Activation Functions: Comparison of Trends in Practice and Research for Deep Learning}},
    author = {Enyinna Nwankpa, Chigozie and Ijomah, Winifred and Gachagan, Anthony and Marshall, Stephen},
    arxivId = {1811.03378v1},
    keywords = {Index Terms activation function, activation function choices, activation function types, deep learning, learning algorithms, neural networks}
}

@article{Ruder2016,
    title = {{An overview of gradient descent optimization algorithms}},
    year = {2016},
    author = {Ruder, Sebastian},
    month = {9},
    url = {http://arxiv.org/abs/1609.04747},
    arxivId = {1609.04747}
}

@techreport{Ruder,
    title = {{An overview of gradient descent optimization algorithms *}},
    author = {Ruder, Sebastian},
    url = {http://caffe.berkeleyvision.org/tutorial/solver.html},
    arxivId = {1609.04747v2}
}

@article{Gardner1998,
    title = {{Artificial neural networks (the multilayer perceptron) - a review of applications in the atmospheric sciences}},
    year = {1998},
    journal = {Atmospheric Environment},
    author = {Gardner, M. W. and Dorling, S. R.},
    number = {14-15},
    pages = {2627--2636},
    volume = {32},
    doi = {10.1016/S1352-2310(97)00447-0},
    issn = {13522310},
    keywords = {Artificial intelligence, Backpropagation, Neural network, Statistical modelling}
}

@article{Werbos1990,
    title = {{Backpropagation Through Time: What It Does and How to Do It}},
    year = {1990},
    journal = {Proceedings of the IEEE},
    author = {Werbos, Paul J.},
    number = {10},
    pages = {1550--1560},
    volume = {78},
    doi = {10.1109/5.58337},
    issn = {15582256}
}

@article{Main2017,
    title = {{BaitBuster: Destined to Save You Some Clicks}},
    year = {2017},
    author = {Main, Md and Rony, Uddin and Hassan, Naeemul and Yousuf, Mohammad},
    url = {https://doi.org/10.1145/nnnnnnn.nnnnnnn},
    doi = {10.1145/nnnnnnn.nnnnnnn}
}

@inproceedings{zhang2015character,
    title = {{Character-level convolutional networks for text classification}},
    year = {2015},
    booktitle = {Advances in neural information processing systems},
    author = {Zhang, Xiang and Zhao, Junbo and LeCun, Yann},
    pages = {649--657}
}

@article{Blom2015,
    title = {{Click bait: Forward-reference as lure in online news headlines}},
    year = {2015},
    journal = {Journal of Pragmatics},
    author = {Blom, Jonas Nygaard and Hansen, Kenneth Reinecke},
    month = {1},
    pages = {87--100},
    volume = {76},
    publisher = {Elsevier},
    doi = {10.1016/j.pragma.2014.11.010},
    issn = {03782166},
    keywords = {Cataphora, Discourse deixis, Forward-reference, Media commercialization, Online news headlines, Tabloidization}
}

@techreport{Potthastb,
    title = {{Clickbait Detection}},
    author = {Potthast, Martin and K{\"{o}}psel, Sebastian and Stein, Benno and Hagen, Matthias},
    isbn = {6941502517}
}

@inproceedings{Vorakitphan2019,
    title = {{Clickbait detection based on word embedding models}},
    year = {2019},
    booktitle = {Advances in Intelligent Systems and Computing},
    author = {Vorakitphan, Vorakit and Leu, Fang Yie and Fan, Yao Chung},
    month = {7},
    pages = {557--564},
    volume = {773},
    publisher = {Springer Verlag},
    url = {https://link.springer.com/chapter/10.1007/978-3-319-93554-6_54},
    isbn = {9783319935539},
    doi = {10.1007/978-3-319-93554-6{\_}54},
    issn = {21945357}
}

@inproceedings{vorakitphan2018clickbait,
    title = {{Clickbait detection based on word embedding models}},
    year = {2018},
    booktitle = {International Conference on Innovative Mobile and Internet Services in Ubiquitous Computing},
    author = {Vorakitphan, Vorakit and Leu, Fang-Yie and Fan, Yao-Chung},
    pages = {557--564},
    organization = {Springer}
}

@article{Agrawal2017,
    title = {{Clickbait detection using deep learning}},
    year = {2017},
    journal = {Proceedings on 2016 2nd International Conference on Next Generation Computing Technologies, NGCT 2016},
    author = {Agrawal, Amol},
    number = {October},
    pages = {268--272},
    publisher = {IEEE},
    isbn = {9781509032570},
    doi = {10.1109/NGCT.2016.7877426},
    keywords = {Clickbait, Convolutional neural networks, Deep learning}
}

@techreport{Pujahari,
    title = {{Clickbait Detection using Multiple Categorization Techniques}},
    author = {Pujahari, Abinash and Singh Sisodia, Dilip},
    url = {www.clickbait-challenge.org},
    keywords = {Classification, Clickbait, Clustering, Sentence Structure, Word Vector}
}

@article{Zuhroh2019,
    title = {{Clickbait detection: A literature review of the methods used}},
    year = {2019},
    journal = {Scientific Journal of Information System Technology},
    author = {Zuhroh, Nurrida Aini and Rakhmawati, Aini},
    number = {1},
    pages = {2020--2021},
    volume = {6},
    url = {http://doi.org/10.26594/register.v6i1.1561},
    doi = {10.26594/register.v6i1.1561}
}

@techreport{Thomas,
    title = {{Clickbait Identification using Neural Networks The Whitebait Clickbait Detector at the Clickbait Challenge 2017}},
    author = {Thomas, Philippe},
    arxivId = {1710.08721v1}
}

@techreport{Potthasta,
    title = {{Crowdsourcing a Large Corpus of Clickbait on Twitter}},
    author = {Potthast, Martin and Gollub, Tim and Komlossy, Kristof and Schuster, Sebastian and Wiegmann, Matti and Patricia, Erika and Fernandez, Garces and Hagen, Matthias and Stein, Benno},
    pages = {1498--1507}
}

@article{StanfordUniversityCoursecs231n2018,
    title = {{CS231n Convolutional Neural Networks for Visual Recognition}},
    year = {2018},
    journal = {Stanford University Course cs231n},
    author = {{Stanford University Course cs231n}},
    pages = {30},
    url = {https://cs231n.github.io/neural-networks-3/ http://cs231n.github.io/convolutional-networks/%0Ahttp://cs231n.github.io/neural-networks-3/}
}

@article{StanfordUniversityCoursecs231n2018a,
    title = {{CS231n Convolutional Neural Networks for Visual Recognition}},
    year = {2018},
    journal = {Stanford University Course cs231n},
    author = {{Stanford University Course cs231n}},
    pages = {30},
    url = {https://cs231n.github.io/convolutional-networks/}
}

@techreport{Chavan2019,
    title = {{D Convolutional Neural Network for Stock Market Prediction using Tensorflow.js}},
    year = {2019},
    booktitle = {International Journal of Innovative Science and Research Technology},
    author = {Chavan, Sandeep and Doshi, Harshil and Godbole, Diksha and Parge, Pranav and Gore, Deipali},
    number = {6},
    volume = {4},
    url = {www.ijisrt.com},
    keywords = {Convolutional Neural Network, Deep Learning, JavaScript, Ma-chine Learning, Neural Network, Prediction/Forecasting, Stock, Stock Exchange, Stock Market, Tensorflowjs, Time Series Prediction}
}

@book{IanGoodfellowYoshuaBengio2016,
    title = {{Deep Learning}},
    year = {2016},
    booktitle = {Prmu},
    author = {Ian Goodfellow, Yoshua Bengio, Aaron Courville}
}

@article{Lecun2015,
    title = {{Deep learning}},
    year = {2015},
    journal = {Nature},
    author = {Lecun, Yann and Bengio, Yoshua and Hinton, Geoffrey},
    number = {7553},
    pages = {436--444},
    volume = {521},
    doi = {10.1038/nature14539},
    issn = {14764687},
    pmid = {26017442}
}

@book{Patterson2019,
    title = {{Deep Learning a Practitioner'S Approach}},
    year = {2019},
    booktitle = {Nature},
    author = {Patterson, Josh and Gibson, Adam},
    number = {7553},
    pages = {1--73},
    volume = {29},
    isbn = {3463353563306}
}

@inproceedings{Ertam2019,
    title = {{Deep learning based text classification with Web Scraping methods}},
    year = {2019},
    booktitle = {2018 International Conference on Artificial Intelligence and Data Processing, IDAP 2018},
    author = {Ertam, Fatih},
    month = {1},
    publisher = {Institute of Electrical and Electronics Engineers Inc.},
    isbn = {9781538668788},
    doi = {10.1109/IDAP.2018.8620790},
    keywords = {Web scraping, deep learning, information extraction, machine learning, text classification}
}

@techreport{Schmidhuber2014,
    title = {{Deep Learning in Neural Networks: An Overview}},
    year = {2014},
    author = {Schmidhuber, JÃ¼rgen},
    url = {http://www.idsia.ch/Ëjuergen/DeepLearning8Oct2014.texCompleteBIBTEXfile},
    arxivId = {1404.7828v4}
}

@article{FrancoisChollet2017,
    title = {{Deep Learning with Python}},
    year = {2017},
    journal = {Deep Learning with Python},
    author = {{Fran{\c{c}}ois Chollet}}
}

@book{Chollet2017,
    title = {{Deep learning with Python}},
    year = {2017},
    author = {Chollet, Francois},
    isbn = {9780996452762},
    doi = {10.23919/ICIF.2018.8455530}
}

@book{AntonioGuiliAmitaKapoorSujitPal2019,
    title = {{Deep Learning with TensorFlow 2 and Keras: Regression, ConvNets, GANs, RNNs, NLP, and More with TensorFlow 2 and the Keras API}},
    year = {2019},
    author = {{Antonio Guili; Amita Kapoor; Sujit Pal}},
    isbn = {9781838823412}
}

@article{Biyani2016,
    title = {{Detecting Clickbaits in News Streams Using Article Informality}},
    year = {2016},
    journal = {Thirtieth AAAI Conference on Artificial Intelligence},
    author = {Biyani, Prakhar and Tsioutsiouliklis, Kostas and Blackmer, John},
    pages = {94--100},
    isbn = {9781577357605},
    keywords = {Technical Papers: Artificial Intelligence and the}
}

@article{Kaur2020,
    title = {{Detecting clickbaits using two-phase hybrid CNN-LSTM biterm model}},
    year = {2020},
    journal = {Expert Systems with Applications},
    author = {Kaur, Sawinder and Kumar, Parteek and Kumaraguru, Ponnurangam},
    month = {8},
    pages = {113350},
    volume = {151},
    publisher = {Elsevier Ltd},
    doi = {10.1016/j.eswa.2020.113350},
    issn = {09574174},
    keywords = {Classifier, Clickbait, Features, News, Social media}
}

@article{Kaur2020a,
    title = {{Detecting clickbaits using two-phase hybrid CNN-LSTM biterm model}},
    year = {2020},
    journal = {Expert Systems with Applications},
    author = {Kaur, Sawinder and Kumar, Parteek and Kumaraguru, Ponnurangam},
    month = {8},
    pages = {113350},
    volume = {151},
    publisher = {Elsevier Ltd},
    doi = {10.1016/j.eswa.2020.113350},
    issn = {09574174},
    keywords = {Classifier, Clickbait, Features, News, Social media}
}

@book{Hrsg2020,
    title = {{Die Psychologie des Postfaktischen: {\"{U}}ber Fake News, âL{\"{u}}genpresseâ, Clickbait {\&} Co.}},
    year = {2020},
    booktitle = {Die Psychologie des Postfaktischen: {\"{U}}ber Fake News, âL{\"{u}}genpresseâ, Clickbait {\&} Co.},
    author = {Hrsg, Markus Appel},
    isbn = {9783662586945},
    doi = {10.1007/978-3-662-58695-2}
}

@techreport{Mikolov2013,
    title = {{Distributed Representations of Words and Phrases and their Compositionality}},
    year = {2013},
    author = {Mikolov, Tomas and Chen, Kai and Corrado, Greg and Dean, Jeffrey},
    arxivId = {1310.4546v1},
    keywords = {()}
}

@article{Main,
    title = {{Diving Deep into Clickbaits: Who Use Them to What Extents in Which Topics with What Effects?}},
    author = {Main, Md and Rony, Uddin and Hassan, Naeemul and Yousuf, Mohammad},
    url = {http://dx.doi.org/10.1145/3110025.3110054},
    isbn = {9781450349932},
    doi = {10.1145/3110025.3110054}
}

@techreport{Elsafty,
    title = {{Document Similarity using Dense Vector Representation In cooperation with: XING AG Data Science}},
    author = {Elsafty, Ahmed and Abel, Fabian}
}

@techreport{Srivastava2014,
    title = {{Dropout: A Simple Way to Prevent Neural Networks from Overfitting}},
    year = {2014},
    booktitle = {Journal of Machine Learning Research},
    author = {Srivastava, Nitish and Hinton, Geoffrey and Krizhevsky, Alex and Salakhutdinov, Ruslan},
    pages = {1929--1958},
    volume = {15},
    keywords = {deep learning, model combination, neural networks, regularization}
}

@techreport{Mikolov,
    title = {{Efficient Estimation of Word Representations in Vector Space}},
    author = {Mikolov, Tomas and Chen, Kai and Corrado, Greg and Dean, Jeffrey},
    url = {http://ronan.collobert.com/senna/},
    arxivId = {1301.3781v3}
}

@misc{wordemdgood,
    title = {{Embeddings: Translating to a Lower-Dimensional Space}},
    url = {https://developers.google.com/machine-learning/crash-course/embeddings/translating-to-a-lower-dimensional-space}
}

@techreport{Guderlei,
    title = {{Fake News Detection Evaluating Unsupervised Representation Learning for Detecting Stances of Fake News}},
    author = {Guderlei, Maike}
}

@techreport{Lorent2018,
    title = {{Fake News Detection Using Machine Learning}},
    year = {2018},
    author = {Lorent, Simon and Itoo, Ashwin}
}

@techreport{Liao,
    title = {{Federated Hierarchical Hybrid Networks for Clickbait Detection}},
    author = {Liao, Feng and Zhuo, Hankz Hankui and Huang, Xiaoling and Zhang, Yu},
    arxivId = {1906.00638v1}
}

@article{glenski2017fishing,
    title = {{Fishing for clickbaits in social images and texts with linguistically-infused neural network models}},
    year = {2017},
    journal = {arXiv preprint arXiv:1710.06390},
    author = {Glenski, Maria and Ayton, Ellyn and Arendt, Dustin and Volkova, Svitlana}
}

@techreport{Glenski,
    title = {{Fishing for Clickbaits in Social Images and Texts with Linguistically-Infused Neural Network Models The Pineapplefish Clickbait Detector at the Clickbait Challenge 2017}},
    author = {Glenski, Maria and Ayton, Ellyn and Arendt, Dustin and Volkova, Svitlana},
    url = {http://www.clickbait-challenge.org/},
    arxivId = {1710.06390v1}
}

@misc{tagger,
    title = {{German Tagsets | Institut f{\"{u}}r Maschinelle Sprachverarbeitung | Universit{\"{a}}t Stuttgart}},
    url = {https://www.ims.uni-stuttgart.de/forschung/ressourcen/lexika/germantagsets/#id-cfcbf0a7-0}
}

@misc{hackernoon,
    title = {{Gradient Descent: All You Need to Know | Hacker Noon}},
    url = {https://hackernoon.com/gradient-descent-aynk-7cbe95a778da}
}

@book{And,
    title = {{Grokking Deep Learning}},
    author = {Trask, Andrew. W.},
    isbn = {9781617293702}
}

@misc{Gao2017,
    title = {{ICDAR 2017 POD Competition: Evaluation}},
    year = {2017},
    author = {Gao, Liangcai and Yi, Xiaohan and Hao, Leipeng and Jiang, Zhuoren and Tang, Zhi},
    url = {http://www.icst.pku.edu.cn/cpdp/ICDAR2017_PODCompetition/evaluation.html}
}

@inproceedings{kumar2018identifying,
    title = {{Identifying clickbait: A multi-strategy approach using neural networks}},
    year = {2018},
    booktitle = {The 41st International ACM SIGIR Conference on Research {\&} Development in Information Retrieval},
    author = {Kumar, Vaibhav and Khattar, Dhruv and Gairola, Siddhartha and Kumar Lal, Yash and Varma, Vasudeva},
    pages = {1225--1228}
}

@article{Kumar,
    title = {{Identifying Clickbait: A Multi-Strategy Approach Using Neural Networks * Identifying Clickbait: A Multi-Strategy Approach Using}},
    author = {Kumar, Vaibhav and Khattar, Dhruv and Gairola, Siddhartha and Kumar Lal, Yash and Varma, Vasudeva},
    url = {https://doi.org/10.1145/3209978.3210144},
    isbn = {9781450356572},
    doi = {10.1145/3209978.3210144},
    keywords = {Attention-Mechanism, Clickbait, Image Embeddings, Neural Network, Siamese Network, Text Embeddings}
}

@incollection{rivera2020identifying,
    title = {{Identifying toxic text from a Google Chrome Extension}},
    year = {2020},
    booktitle = {Practical TensorFlow. js},
    author = {Rivera, Juan De Dios Santos},
    pages = {151--162},
    publisher = {Springer}
}

@article{Nielsen2014,
    title = {{Improving the way neural networks learn The cross-entropy cost function - Chapter 3}},
    year = {2014},
    journal = {Neural Networks and Deep Learning},
    author = {Nielsen, Michael}
}

@book{Bruce2013,
    title = {{Intro to Deep Learning}},
    year = {2013},
    booktitle = {Journal of Chemical Information and Modeling},
    author = {Bruce, 2011},
    number = {9},
    pages = {1689--1699},
    volume = {53},
    isbn = {9788578110796},
    issn = {1098-6596},
    pmid = {25246403},
    arxivId = {arXiv:1011.1669v3},
    keywords = {icle}
}

@techreport{Kobler,
    title = {{Klick mich!}},
    author = {Kobler, Florian and Angestrebter Akademischer Grad, B A}
}

@techreport{Ter-Akopyan1101,
    title = {{Korpuskonstruktion und Entwicklung einer Pipeline f{\"{u}}r Clickbait-Spoiling Bachelorarbeit}},
    year = {1101},
    author = {Ter-Akopyan, Bagrat}
}

@book{Moolayil2019a,
    title = {{Learn Keras for Deep Neural Networks: A Fast-Track Approach to Modern Deep Learning with Python}},
    year = {2019},
    booktitle = {Learn Keras for Deep Neural Networks},
    author = {Moolayil, Jojo},
    pages = {182},
    isbn = {978-1-4842-4239-1}
}

@article{Rumelhart1986,
    title = {{Learning representations by back-propagating errors}},
    year = {1986},
    journal = {Nature},
    author = {Rumelhart, David E. and Hinton, Geoffrey E. and Williams, Ronald J.},
    number = {6088},
    volume = {323},
    doi = {10.1038/323533a0},
    issn = {00280836}
}

@techreport{Obrien2018,
    title = {{Machine Learning for Detection of Fake News}},
    year = {2018},
    author = {O'brien, Nicole}
}

@misc{google1,
    title = {{Machine Learning Glossary | Google Developers}},
    url = {https://developers.google.com/machine-learning/glossary#learning_rate}
}

@article{roberts2018magenta,
    title = {{Magenta. js: A javascript api for augmenting creativity with deep learning}},
    year = {2018},
    author = {Roberts, Adam and Hawthorne, Curtis and Simon, Ian}
}

@misc{Manning1999,
    title = {{Manning {\&} Sch{\"{u}}tze 2003 - Foundations of Statistical NLP.pdf}},
    year = {1999},
    author = {Manning, Christopher and Sch{\"{u}}tze, Hinrich},
    pages = {675}
}

@misc{Miller,
    title = {{Mind: How to Build a Neural Network (Part One)}},
    author = {Miller, Steven},
    url = {https://stevenmiller888.github.io/mind-how-to-build-a-neural-network/}
}

@techreport{Rohringer2019,
    title = {{Mit diesem Ergebnis hat niemand gerechnet-Chancen und Grenzen von Clickbaiting im Online-Journalismus}},
    year = {2019},
    author = {Rohringer, Sophie}
}

@techreport{Collobert2011,
    title = {{Natural Language Processing (Almost) from Scratch}},
    year = {2011},
    booktitle = {Journal of Machine Learning Research},
    author = {Collobert, Ronan and Weston, Jason and Com, Jweston@google and Karlen, Michael and Kavukcuoglu, Koray and Kuksa, Pavel},
    pages = {2493--2537},
    volume = {12},
    keywords = {natural language processing, neural networks}
}

@book{Lane2019,
    title = {{Natural Language Processing in Action(Understanding,analyzing, and generating text with python)}},
    year = {2019},
    author = {Lane, Hobson and Howard, Cole and Hapke, Hannes Max},
    pages = {139--140},
    isbn = {9781617294631}
}

@book{Kulkarni2019,
    title = {{Natural Language Processing Recipes: Unlocking Text Data with Machine Learning and Deep Learning using Python}},
    year = {2019},
    author = {Kulkarni, Akshay and Shivananda, Adarsha},
    pages = {234},
    isbn = {2006062298},
    issn = {00010782},
    pmid = {21603045},
    arxivId = {arXiv:1510.00726v1}
}

@book{Chollet2018,
    title = {{Neural Networks and Deep Learning}},
    year = {2018},
    booktitle = {Artificial Intelligence},
    author = {Neapolitan, Richard E. and Neapolitan, Richard E.},
    pages = {389--411},
    isbn = {9783319944623},
    doi = {10.1201/b22400-15}
}

@techreport{Nielsen,
    title = {{Neural Networks and Deep Learning}},
    author = {Nielsen, Michael},
    url = {http://neuralnetworksanddeeplearning.com}
}

@article{Nielsen2015,
    title = {{Neural networks and deep learning}},
    year = {2015},
    author = {Nielsen, MA}
}

@incollection{Neapolitan2018,
    title = {{Neural Networks and Deep Learning}},
    year = {2018},
    booktitle = {Artificial Intelligence},
    author = {Neapolitan, Richard E. and Neapolitan, Richard E.},
    doi = {10.1201/b22400-15}
}

@book{Aggarwal2018,
    title = {{Neural Networks and Deep Learning}},
    year = {2018},
    booktitle = {Neural Networks and Deep Learning},
    author = {Aggarwal, Charu C.},
    publisher = {Springer International Publishing},
    doi = {10.1007/978-3-319-94463-0}
}

@book{Nielsen2020,
    title = {{Neural networks in TensorFlow}},
    year = {2020},
    author = {Nielsen, Eric D and Thorat, Nikhil and Smilkov, Daniel},
    isbn = {9781617296178}
}

@inproceedings{Park2017,
    title = {{Phishing website detection framework through web scraping and data mining}},
    year = {2017},
    booktitle = {2017 8th IEEE Annual Information Technology, Electronics and Mobile Communication Conference, IEMCON 2017},
    author = {Park, Andrew J. and Quadari, Ruhi Naaz and Tsang, Herbert H.},
    month = {11},
    pages = {680--684},
    publisher = {Institute of Electrical and Electronics Engineers Inc.},
    isbn = {9781538633717},
    doi = {10.1109/IEMCON.2017.8117212},
    keywords = {Phishing detection, heuristic weights, web crawler}
}

@article{seopredicting,
    title = {{Predicting Keyword Popularity using Tensorflow JS}},
    author = {Seo, Jae Duk}
}

@article{Suah2017,
    title = {{Preparation and characterization of a novel Co(II) optode based on polymer inclusion membrane}},
    year = {2017},
    journal = {Analytical Chemistry Research},
    author = {Suah, Faiz Bukhari Mohd},
    pages = {40--46},
    volume = {12},
    doi = {10.1016/j.ancr.2017.02.001},
    issn = {22141812},
    keywords = {Aliquat 336, Cobalt(II), Flow through system, Green analytical chemistry, Optode, Polymer inclusion membrane}
}

@article{nguyen2020real,
    title = {{Real-time fashion items classification using TensorflowJS and ZalandoMNIST dataset}},
    year = {2020},
    author = {Nguyen, Kha}
}

@article{altinel2018semantic,
    title = {{Semantic text classification: A survey of past and recent advances}},
    year = {2018},
    journal = {Information Processing {\&} Management},
    author = {Altinel, Berna and Ganiz, Murat Can},
    number = {6},
    pages = {1129--1153},
    volume = {54},
    publisher = {Elsevier}
}

@article{Bunde2019,
    title = {{Sentimentanalyse deutscher Twitter-Korpora mittels Deep Learning}},
    year = {2019},
    author = {Bunde, Enrico},
    pages = {130}
}

@techreport{SutskeverGoogle2014,
    title = {{Sequence to Sequence Learning with Neural Networks}},
    year = {2014},
    booktitle = {Advances in Neural Information Processing Systems},
    author = {Sutskever Google, Ilya and Vinyals Google, Oriol and Le Google, Quoc V},
    pages = {3104--3112},
    volume = {27}
}

@article{Lai2014,
    title = {{Social Influence What makes you click? The effect of question headlines on readership in computer-mediated communication}},
    year = {2014},
    journal = {Social Influence},
    author = {Lai, Linda and Farbrot, Audun},
    volume = {9},
    url = {https://www.tandfonline.com/action/journalInformation?journalCode=psif20},
    doi = {10.1080/15534510.2013.847859},
    issn = {1553-4529},
    keywords = {Advertising, Computer-mediated communication, Internet, Question headlines, Readership}
}

@techreport{Jurafskya,
    title = {{Speech and Language Processing An Introduction to Natural Language Processing, Computational Linguistics, and Speech Recognition Third Edition draft}},
    author = {Jurafsky, Daniel and Martin, James H}
}

@article{zhao2019speech,
    title = {{Speech emotion recognition using deep 1D {\&} 2D CNN LSTM networks}},
    year = {2019},
    journal = {Biomedical Signal Processing and Control},
    author = {Zhao, Jianfeng and Mao, Xia and Chen, Lijiang},
    pages = {312--323},
    volume = {47},
    publisher = {Elsevier}
}

@techreport{Chakraborty,
    title = {{Stop Clickbait: Detecting and Preventing Clickbaits in Online News Media}},
    author = {Chakraborty, Abhijnan and Paranjape, Bhargavi and Kakarla, Sourya and Ganguly, Niloy},
    arxivId = {1610.09786v1}
}

@techreport{Chakrabortya,
    title = {{Stop Clickbait: Detecting and Preventing Clickbaits in Online News Media}},
    author = {Chakraborty, Abhijnan and Paranjape, Bhargavi and Kakarla, Sourya and Ganguly, Niloy},
    arxivId = {1610.09786v1}
}

@article{ChehrehChelgani2018,
    title = {{Support vector regression modeling of coal flotation based on variable importance measurements by mutual information method}},
    year = {2018},
    journal = {Measurement: Journal of the International Measurement Confederation},
    author = {Chehreh Chelgani, S. and Shahbazi, B. and Hadavandi, E.},
    number = {2},
    pages = {102--108},
    volume = {114},
    doi = {10.1016/j.measurement.2017.09.025},
    issn = {02632241},
    keywords = {Flotation rate constant, Mutual information, Recovery, Support vector regression, Variable importance measurement}
}

@techreport{Liddy,
    title = {{SURFACE SURFACE Center for Natural Language Processing School of Information Studies (iSchool) 2001 Natural Language Processing Natural Language Processing Natural Language Processing 1}},
    author = {Liddy, Elizabeth D},
    url = {https://surface.syr.edu/cnlp}
}

@article{smilkov2019tensorflow,
    title = {{Tensorflow. js: Machine learning for the web and beyond}},
    year = {2019},
    journal = {arXiv preprint arXiv:1901.05350},
    author = {Smilkov, Daniel and Thorat, Nikhil and Assogba, Yannick and Yuan, Ann and Kreeger, Nick and Yu, Ping and Zhang, Kangyi and Cai, Shanqing and Nielsen, Eric and Soergel, David and {others}}
}

@techreport{Smilkov2019,
    title = {{TENSORFLOW.JS: MACHINE LEARNING FOR THE WEB AND BEYOND}},
    year = {2019},
    author = {Smilkov, Daniel and Thorat, Nikhil and Assogba, Yannick and Yuan, Ann and Kreeger, Nick and Yu, Ping and Zhang, Kangyi and Cai, Shanqing and Nielsen, Eric and Soergel, David and Bileschi, Stan and Terry, Michael and Nicholson, Charles and Gupta, Sandeep N and Sirajuddin, Sarah and Sculley, D and Monga, Rajat and Corrado, Greg and Vi{\'{e}}gas, Fernanda B and Wattenberg, Martin},
    arxivId = {1901.05350v2}
}

@article{kowsari2019text,
    title = {{Text classification algorithms: A survey}},
    year = {2019},
    journal = {Information},
    author = {Kowsari, Kamran and Jafari Meimandi, Kiana and Heidarysafa, Mojtaba and Mendu, Sanjana and Barnes, Laura and Brown, Donald},
    number = {4},
    pages = {150},
    volume = {10},
    publisher = {Multidisciplinary Digital Publishing Institute}
}

@article{korde2012text,
    title = {{Text classification and classifiers: A survey}},
    year = {2012},
    journal = {International Journal of Artificial Intelligence {\&} Applications},
    author = {Korde, Vandana and Mahender, C Namrata},
    number = {2},
    pages = {85},
    volume = {3},
    publisher = {Academy {\&} Industry Research Collaboration Center (AIRCC)}
}

@techreport{Potthast,
    title = {{The Clickbait Challenge 2017: Towards a Regression Model for Clickbait Strength}},
    author = {Potthast, Martin and Gollub, Tim and Hagen, Matthias and Stein, Benno},
    url = {https://clickbait-challenge.org},
    arxivId = {1812.10847v1}
}

@misc{nordberg2020crucial,
    title = {{The crucial parts of text classification with TensorFlow. js and categorisation of news articles}},
    year = {2020},
    author = {Nordberg, Gustav and Grandien, Jesper}
}

@techreport{Nordberg2020,
    title = {{The crucial parts of text classification with TensorFlow.js and categorisation of news articles}},
    year = {2020},
    author = {Nordberg, Gustav and Grandien, Jesper},
    url = {www.bth.se},
    isbn = {4645538500}
}

@article{Zannettou2018,
    title = {{The good, the bad and the bait: Detecting and characterizing clickbait on youtube}},
    year = {2018},
    journal = {Proceedings - 2018 IEEE Symposium on Security and Privacy Workshops, SPW 2018},
    author = {Zannettou, Savvas and Chatzis, Sotirios and Papadamou, Kostantinos and Sirivianos, Michael},
    pages = {63--69},
    publisher = {IEEE},
    isbn = {9780769563497},
    doi = {10.1109/SPW.2018.00018},
    keywords = {Clickbait, Deep learning, YouTube}
}

@misc{Herculano-Houzel2009,
    title = {{The human brain in numbers: A linearly scaled-up primate brain}},
    year = {2009},
    booktitle = {Frontiers in Human Neuroscience},
    author = {Herculano-Houzel, Suzana},
    number = {NOV},
    volume = {3},
    doi = {10.3389/neuro.09.031.2009},
    issn = {16625161}
}

@article{Vijgen2014,
    title = {{THE LISTICLE: AN EXPLORING RESEARCH ON AN INTERESTING SHAREABLE NEW MEDIA PHENOMENON}},
    year = {2014},
    journal = {Studia Universitatis Babes-Bolyai - Ephemerides},
    author = {Vijgen, Bram},
    number = {1},
    pages = {103--122},
    volume = {59},
    publisher = {Studia Universitatis Babes-Bolyai},
    issn = {2065-9555},
    keywords = {BuzzFeed, exploring, listicle, shareability, success.}
}

@book{Taylor2017,
    title = {{The Math of Neural Networks}},
    year = {2017},
    author = {Taylor, Michael}
}

@misc{Taylor2017a,
    title = {{The Math of Neural Networks}},
    year = {2017},
    author = {Taylor, Michael},
    url = {https://dl.acm.org/doi/book/10.5555/3181144 http://himarsh.org/the-math-neural-networks/}
}

@techreport{Rosenblatt,
    title = {{THE PERCEPTRON: A PROBABILISTIC MODEL FOR INFORMATION STORAGE AND ORGANIZATION IN THE BRAIN 1}},
    booktitle = {Psychological Review},
    author = {Rosenblatt, F},
    number = {6},
    pages = {19--27},
    volume = {65}
}

@inproceedings{severyn2015twitter,
    title = {{Twitter sentiment analysis with deep convolutional neural networks}},
    year = {2015},
    booktitle = {Proceedings of the 38th International ACM SIGIR Conference on Research and Development in Information Retrieval},
    author = {Severyn, Aliaksei and Moschitti, Alessandro},
    pages = {959--962}
}

@misc{widlml,
    title = {{Understanding Convolutional Neural Networks for NLP â WildML}},
    author = {Francois Chaubard, Rohit and Mundra, Richard Socher},
    url = {http://www.wildml.com/2015/11/understanding-convolutional-neural-networks-for-nlp/}
}

@inproceedings{severyn2015unitn,
    title = {{Unitn: Training deep convolutional neural network for twitter sentiment classification}},
    year = {2015},
    booktitle = {Proceedings of the 9th international workshop on semantic evaluation (SemEval 2015)},
    author = {Severyn, Aliaksei and Moschitti, Alessandro},
    pages = {464--469}
}

@misc{StanfordInte,
    title = {{Unsupervised Feature Learning and Deep Learning Tutorial}},
    url = {http://deeplearning.stanford.edu/tutorial/supervised/FeatureExtractionUsingConvolution/}
}

@article{raamkumar2020use,
    title = {{Use of health belief model--based deep learning classifiers for covid-19 social media content to examine public perceptions of physical distancing: Model development and case study}},
    year = {2020},
    journal = {JMIR public health and surveillance},
    author = {Raamkumar, Aravind Sesagiri and Tan, Soon Guan and Wee, Hwee Lin},
    number = {3},
    pages = {e20493},
    volume = {6},
    publisher = {JMIR Publications Inc., Toronto, Canada}
}

@techreport{Barcaroli2014,
    title = {{Use of web scraping and text mining techniques in the Istat survey on "Information and Communication Technology in enterprises" Using Big Data for Offical Statistics View project ICT and digitalization View project Use of web scraping and text mining tech}},
    year = {2014},
    author = {Barcaroli, Giulio and Nurra, Alessandra and Scarn{\`{o}}, Marco and Summa, Donato},
    url = {https://www.researchgate.net/publication/263921951},
    keywords = {Big Data, Internet as Data source, data mining, text mining, web mining, web scraping}
}

@techreport{Danforth2019,
    title = {{Using Word Embeddings to Explore the Language of Depression on Twitter}},
    year = {2019},
    author = {Danforth, Christopher and Peter Sheridan Dodds, Advisor and Hebert-Dufresne, Laurent and Rohan, Kelly and Cynthia Forehand, Chairperson J}
}

@inproceedings{Zeiler2014,
    title = {{Visualizing and understanding convolutional networks}},
    year = {2014},
    booktitle = {Lecture Notes in Computer Science (including subseries Lecture Notes in Artificial Intelligence and Lecture Notes in Bioinformatics)},
    author = {Zeiler, Matthew D. and Fergus, Rob},
    number = {PART 1},
    pages = {818--833},
    volume = {8689 LNCS},
    publisher = {Springer Verlag},
    url = {https://link.springer.com/chapter/10.1007/978-3-319-10590-1_53},
    isbn = {9783319105895},
    doi = {10.1007/978-3-319-10590-1{\_}53},
    issn = {16113349},
    arxivId = {1311.2901}
}

@techreport{VanDerMaaten2008,
    title = {{Visualizing Data using t-SNE}},
    year = {2008},
    booktitle = {Journal of Machine Learning Research},
    author = {Van Der Maaten, Laurens and Hinton, Geoffrey},
    pages = {2579--2605},
    volume = {9},
    keywords = {dimensionality reduction, embedding algorithms, manifold learning, multidimensional scaling, visualization}
}

@techreport{Anand2019,
    title = {{We used Neural Networks to Detect Clickbaits: You won't believe what happened Next!}},
    year = {2019},
    author = {Anand, Ankesh and Chakraborty, Tanmoy and Park, Noseong},
    arxivId = {1612.01340v2},
    keywords = {Clickbait Detection, Deep Learning, Neural Networks}
}

@inproceedings{Anand2017,
    title = {{We used neural networks to detect clickbaits: You wonât believe what happened next!}},
    year = {2017},
    booktitle = {Lecture Notes in Computer Science (including subseries Lecture Notes in Artificial Intelligence and Lecture Notes in Bioinformatics)},
    author = {Anand, Ankesh and Chakraborty, Tanmoy and Park, Noseong},
    pages = {541--547},
    volume = {10193 LNCS},
    publisher = {Springer Verlag},
    url = {https://link.springer.com/chapter/10.1007/978-3-319-56608-5_46},
    isbn = {9783319566078},
    doi = {10.1007/978-3-319-56608-5{\_}46},
    issn = {16113349},
    arxivId = {1612.01340},
    keywords = {Clickbait detection, Deep learning, Neural networks}
}

@inproceedings{Anand2017a,
    title = {{We used neural networks to detect clickbaits: You wonât believe what happened next!}},
    year = {2017},
    booktitle = {Lecture Notes in Computer Science (including subseries Lecture Notes in Artificial Intelligence and Lecture Notes in Bioinformatics)},
    author = {Anand, Ankesh and Chakraborty, Tanmoy and Park, Noseong},
    pages = {541--547},
    volume = {10193 LNCS},
    publisher = {Springer Verlag},
    url = {https://link.springer.com/chapter/10.1007/978-3-319-56608-5_46},
    isbn = {9783319566078},
    doi = {10.1007/978-3-319-56608-5{\_}46},
    issn = {16113349},
    arxivId = {1612.01340},
    keywords = {Clickbait detection, Deep learning, Neural networks}
}

@techreport{Kinne,
    title = {{Web Mining of Firm Websites: A Framework for Web Scraping and a Pilot Study for Germany}},
    author = {Kinne, Jan and Axenbeck, Janna},
    url = {http://ftp.zew.de/pub/zew-docs/dp/dp18033.pdf},
    keywords = {indicators, innovation, r{\&}d, r{\&}i, sti, text mining, web mining, web scraping}
}

@article{Tenenboim2015,
    title = {{What prompts users to click and comment: A longitudinal study of online news}},
    year = {2015},
    journal = {Journalism},
    author = {Tenenboim, Ori and Cohen, Akiba A},
    number = {2},
    pages = {198--217},
    volume = {16},
    doi = {10.1177/1464884913513996},
    keywords = {Israel, Online journalism, audience, interactive, ratings, user comments}
}

@techreport{Almeida,
    title = {{Word Embeddings: A Survey}},
    author = {Almeida, Felipe and Xex{\'{e}}o, Geraldo},
    arxivId = {1901.09069v1}
}

@techreport{Rong2016,
    title = {{word2vec Parameter Learning Explained}},
    year = {2016},
    author = {Rong, Xin},
    url = {http://bit.ly/wevi-online.},
    arxivId = {1411.2738v4}
}

@techreport{Mertens,
    title = {{Zusammenfassung K{\"{u}}nstliche neuronale Netze am Beispiel der Klassifizierung von Scandaten}},
    author = {Mertens, Lukas}
}

@techreport{ImNews,
    title = {{"Im Kampf gegen Fake News"}}
}

@misc{NoTitle,
    title = {{(No Title)}},
    url = {http://ots.fh-brandenburg.de/downloads/abschlussarbeiten/2019-03-29%20ma_enrico_bunde.pdf}
}

@misc{NoTitleb,
    title = {{(No Title)}},
    url = {https://www.nature.com/articles/323533a0.pdf?origin=ppub}
}

@misc{BackpropagationDocumentation,
    title = {{Backpropagation â ML Glossary documentation}},
    url = {https://ml-cheatsheet.readthedocs.io/en/latest/backpropagation.html}
}

@techreport{CS1,
    title = {{CS 224D: Deep Learning for NLP 1}}
}

@techreport{SocherCS224dVectors,
    title = {{CS224d Deep Learning for Natural Language Processing Lecture 2: Word Vectors}},
    author = {Socher, Richard}
}

@techreport{SocherCS224dNetworks,
    title = {{CS224d Deep NLP Lecture 6: Neural Tips and Tricks + Recurrent Neural Networks}},
    author = {Socher, Richard}
}

@techreport{SocherCS224d:NLP,
    title = {{CS224d: Deep NLP Lecture 13: Convolutional Neural Networks (for NLP)}},
    author = {Socher, Richard}
}

@article{MainDivingEffects,
    title = {{Diving Deep into Clickbaits: Who Use Them to What Extents in Which Topics with What Effects?}},
    author = {Main, Md and Rony, Uddin and Hassan, Naeemul and Yousuf, Mohammad},
    url = {http://dx.doi.org/10.1145/3110025.3110054},
    isbn = {9781450349932},
    doi = {10.1145/3110025.3110054}
}

@techreport{Wojna2015FastRecognition,
    title = {{Fast methods in training deep neural networks for image recognition}},
    year = {2015},
    author = {Wojna, Zbigniew}
}

@misc{IEEEPDF:,
    title = {{IEEE Xplore Full-Text PDF:}},
    url = {https://ieeexplore.ieee.org/stamp/stamp.jsp?tp=&arnumber=8862781}
}

@misc{NeuralLearning,
    title = {{Neural networks and deep learning}},
    url = {http://neuralnetworksanddeeplearning.com/chap3.html}
}

@techreport{DangUsingNetworks,
    title = {{Using Convolutional Neural Networks to distinguish vehicle pose and vehicle class Erkennung von Fahrzeugpose und Fahrzeugklasse mit Convolutional Neural Networks}},
    author = {Dang, Hien and Luthardt, Stefan}
}

@techreport{DangUsingNetworksb,
    title = {{Using Convolutional Neural Networks to distinguish vehicle pose and vehicle class Erkennung von Fahrzeugpose und Fahrzeugklasse mit Convolutional Neural Networks}},
    author = {Dang, Hien and Luthardt, Stefan}
}

@misc{Vector1,
    title = {{vector1}}
}

@misc{Vector2,
    title = {{vector2}}
}